@inproceedings{DiebelThrun05,
   author              = {James Diebel and 
                          Sebastian Thrun},
   title               = {An Application of Markov Random Fields to Range Sensing.},
   booktitle           = {NIPS},
   year                = {2005},
   ee                  = {http://books.nips.cc/papers/files/nips18/NIPS2005_0707.pdf}
}

@inproceedings{Lowe04,
   author              = {David G. Lowe},
   title               = {Distinctive Image Features from Scale-Invariant Keypoints.},
   booktitle 			= {International Journal of Computer Vision},
   year                = {2004},
   pages               = {91-110},
   ee                  = {http://dx.doi.org/10.1023/B:VISI.0000029664.99615.94},
}

@inproceedings{CWu11,
   author              = {Changchang Wu and 
                          Sameer Agarwal and 
                          Brian Curless and 
                          Steven M. Seitz},
   title               = {Multicore bundle adjustment.},
   booktitle           = {CVPR},
   year                = {2011},
   pages               = {3057-3064},
   ee                  = {http://dx.doi.org/10.1109/CVPR.2011.5995552}
}

@inproceedings{FurukawaP07,
   author              = {Yasutaka Furukawa and 
                          Jean Ponce},
   title               = {Accurate, Dense, and Robust Multi-View Stereopsis.},
   booktitle           = {CVPR},
   year                = {2007},
   ee                  = {http://dx.doi.org/10.1109/CVPR.2007.383246}
   }

@inproceedings{FurukawaCSS10,
   author              = {Yasutaka Furukawa and 
                          Brian Curless and 
                          Steven M. Seitz and 
                          Richard Szeliski},
   title               = {Towards Internet-scale multi-view stereo.},
   booktitle           = {CVPR},
   year                = {2010},
   pages               = {1434-1441},
   ee                  = {http://dx.doi.org/10.1109/CVPR.2010.5539802},

}

@inproceedings{SnavelySS06,
   author              = {Noah Snavely and 
                          Steven M. Seitz and 
                          Richard Szeliski},
   title               = {Photo tourism: exploring photo collections in 3D.},
   booktitle           = {ACM Trans. Graph.},
   year                = {2006},
   pages               = {835-846},
   ee                  = {http://doi.acm.org/10.1145/1141911.1141964},
}

@inproceedings{Izadi11,
   author              = {Shahram Izadi and 
                          David Kim and 
                          Otmar Hilliges and 
                          David Molyneaux and 
                          Richard A. Newcombe and 
                          Pushmeet Kohli and 
                          Jamie Shotton and 
                          Steve Hodges and 
                          Dustin Freeman and 
                          Andrew J. Davison and 
                          Andrew W. Fitzgibbon},
   title               = {KinectFusion: real-time 3D reconstruction and interaction using a moving depth camera.},
   booktitle           = {UIST},
   year                = {2011},
   pages               = {559-568},
   ee                  = {http://doi.acm.org/10.1145/2047196.2047270},

}

@inproceedings{Newcombe11,
   author              = {Richard A. Newcombe and 
                          Shahram Izadi and 
                          Otmar Hilliges and 
                          David Molyneaux and 
                          David Kim and 
                          Andrew J. Davison and 
                          Pushmeet Kohli and 
                          Jamie Shotton and 
                          Steve Hodges and 
                          Andrew W. Fitzgibbon},
   title               = {KinectFusion: Real-time dense surface mapping and tracking.},
   booktitle           = {ISMAR},
   year                = {2011},
   pages               = {127-136},
   ee                  = {http://dx.doi.org/10.1109/ISMAR.2011.6092378},

}

@inproceedings{Schuon09,
   author              = {Sebastian Schuon and 
                          Christian Theobalt and 
                          James Davis and 
                          Sebastian Thrun},
   title               = {LidarBoost: Depth superresolution for ToF 3D shape scanning.},
   booktitle           = {CVPR},
   year                = {2009},
   pages               = {343-350},
   ee                  = {http://doi.ieeecomputersociety.org/10.1109/CVPRW.2009.5206804},

}

@INPROCEEDINGS{HaCohen10, 
author={HaCohen, Y. and Fattal, R. and Lischinski, D.}, 
booktitle={IEEE International Conference on Computational Photography (ICCP)}, title={Image upsampling via texture hallucination}, 
year={2010}, 
pages={1-8}, 
keywords={image resolution;image sampling;image texture;image analysis;image synthesis;image upsampling;patch-based image model;salient edges;sharpness;texture hallucination;Databases;Image color analysis;Image edge detection;Image resolution;Image segmentation;Interpolation;Pixel}, 
doi={10.1109/ICCPHOT.2010.5585097},}

@inproceedings{Nehab05,
 author = {Nehab, Diego and Rusinkiewicz, Szymon and Davis, James and Ramamoorthi, Ravi},
 title = {Efficiently combining positions and normals for precise 3D geometry},
 booktitle = {ACM SIGGRAPH 2005 Papers},
 year = {2005},
 location = {Los Angeles, California},
 pages = {536--543},
 numpages = {8},
 url = {http://doi.acm.org/10.1145/1186822.1073226},
 doi = {10.1145/1186822.1073226},
 acmid = {1073226}
}

@misc{siftgpu07wu, 
	Author = {Changchang Wu},
	Title = {Sift{G}{P}{U}: A {G}{P}{U} Implementation of Scale Invariant Feature 	Transform ({S}{I}{F}{T})}, 
	Howpublished = {\url{http://cs.unc.edu/~ccwu/siftgpu}},
	year = {2007},
    note = {[Online; accessed 19 March 2013]}
}

@misc{Spectrum_IEEE,
	Title = {{I}{E}{E}{E} {S}pectrum {M}edical {A}{R}},
	Howpublished = {\url{http://spectrum.ieee.org/automaton/robotics/medical-robots/microsoft-kinect-fusion-augmented-reality-neurosurgeons}},
	Year = {March, 2013},
	note = {[Online; accessed 21 March 2013]}
}	

@misc{ben_glockner,
	Author = {Ben Glockner},
	Howpublished = {\url{http://research.microsoft.com/en-us/people/glocker/}},
	year = {accessed March 2013},
	note = {[Online; accessed 21 March 2013]}
}	

@misc{photomodeler_biology,
	Author = {Photomodeler.com},
	Howpublished = {\url{http://www.photomodeler.com/applications/biology/default.html}},
	Year = {2012},
	note = {[Online; accessed 21 March 2013]}
}

@misc{photomodeler_biology2,
	Author = {Photomodeler.com},
	Howpublished = {\url{http://www.photomodeler.com/applications/biology/default.html}},
	Year = {2012},
	note = {[Online; accessed 21 March 2013]}
}

@misc{Kinect_fusion,
	Title = {Kinect {F}usion},
	Howpublished = {\url{http://research.microsoft.com/en-us/projects/surfacerecon/}},
	Year = {2011},
	note = {[Online; accessed 21 March 2013]}
}

@misc{SXSW,
	Title = {{SXSW} 2013},
	Howpublished = {\url{http://sxsw.com/}},
	year = {2013},
	note = {[Online; accessed 21 March 2013]}
}

@MISC{Digitizer,
	title = {Makerbot Digitizer},
	Howpublished = {\url{http://store.makerbot.com/digitizer.html}},
	year = {accessed March 2013}
}

@MISC{Michelangelo_Project,
	Title = {{T}he {D}igital {M}ichelangelo {P}roject},
	Howpublished = {\url{https://graphics.stanford.edu/projects/mich/}},
	Year = {1997-2003},
	note = {[Online; accessed 21 March 2013]}
}

@MISC{Creaform3D,
	Title = {Creaform3D},
	Howpublished = {\url{http://www.creaform3d.com}},
	year = {accessed March 2013}
}

@MISC{Photomodeler_forensics,
	Title = {Photomodeler.com applications: forensics},
	Howpublished = {\url{http://www.photomodeler.com/applications/accident_recon/default.html}},
	Year = {2012},
	note = {[Online; accessed 21 March 2013]}
}

@MISC{Photomodeler_film,
	Title = {Photomodeler.com applications: film},
	Howpublished = {\url{http://www.photomodeler.com/applications/film_gaming_anim/default.html}},
	Year = {2012},
	note = {[Online; accessed 21 March 2013]}
}

@MISC{EITICT,
	Title = {{E}{I}{T} {I}{C}{T} {L}abs {C}loud {C}omputing},
	Howpublished = {\url{http://www.eitictlabs.eu/innovation-areas/computing-in-the-cloud/}},
	year = {accessed March 2013},
}

@MISC{AdobeCatch,
	Title = {{A}dobe {C}atch},
	Howpublished = {\url{http://www.123dapp.com/}},
	Year = {2011},
	note = {[Online; accessed 21 March 2013]}
}

@MISC{Photosynth,
	Title = {Microsoft {P}hotosynth},
	Howpublished = {\url{photosynth.net}},
	Year = {2012},
	note = {[Online; accessed 21 March 2013]}
}

@MISC{LeapMotion,
	Title = {{L}eap {M}otion},
	Howpublished = {\url{https://www.leapmotion.com/}},
	year = {accessed March 2013},
}

@MISC{Kinect,
	Title = {XBox {K}inect},
	Howpublished = {\url{http://www.xbox.com/kinect}},
	year = {accessed March 2013},
}

@MISC{XtionPro,
	Title = {A{S}{U}{S} {X}tion {P}ro},
	Howpublished = {\url{http://www.asus.com/Multimedia/Xtion_PRO/}},
	year = {accessed March 2013}
}

@MISC{SDKKinectFusion,
	Title = {Kinect for Windows BLOG},
	Howpublished = {\url{http://blogs.msdn.com/b/kinectforwindows/archive/2012/11/05/kinect-fusion-coming-to-kinect-for-windows.aspx}},
	year = {November 2012},
	note = {[Online; accessed 21 March 2013]}
}

@MISC{Kinfu,
	Title = {P{C}{L} {K}infu},
	Howpublished = {\url{http://pointclouds.org/documentation/tutorials/using_kinfu_large_scale.php}},
	year = {accessed March 2013}
}

@MISC{PCL,
	Title = {Point {C}loud {L}ibrary},
	Howpublished = {\url{http://www.pointclouds.org/}},
	year = {accessed March 2013},
}

@inproceedings{jevans1989adaptive,
  title={Adaptive voxel subdivision for ray tracing},
  author={Jevans, David and Wyvill, Brian},
  booktitle={Graphics Interface},
  volume={89},
  pages={164--172},
  year={1989}
}


@article{pami/BrostowHVSC11/VideoNormals,
  author    = {Gabriel J. Brostow and
               Carlos Hern{\'a}ndez and
               George Vogiatzis and
               Bj{\"o}rn Stenger and
               Roberto Cipolla},
  title     = {Video Normals from Colored Lights},
  journal   = {IEEE Trans. Pattern Anal. Mach. Intell.},
  volume    = {33},
  number    = {10},
  year      = {2011},
  pages     = {2104-2114},
  ee        = {http://doi.ieeecomputersociety.org/10.1109/TPAMI.2011.37},
}

@INPROCEEDINGS{HernandezEtc_ICCV07,
 author = {Hern\'andez, C. and Vogiatzis, G. and Brostow, G. J. and Stenger, B. and Cipolla, R.},
 title =  {Non-Rigid Photometric Stereo with Colored Lights},
 booktitle = {Proc. of the 11th IEEE Intl. Conf. on Comp. Vision (ICCV)},
 location = {Rio de Janeiro, Brazil},
 year = 2007
}

@article{DBLP:journals/tog/RusinkiewiczHL02,
  author    = {Szymon Rusinkiewicz and
               Olaf A. Hall-Holt and
               Marc Levoy},
  title     = {Real-time 3D model acquisition},
  journal   = {ACM Trans. Graph.},
  volume    = {21},
  number    = {3},
  year      = {2002},
  pages     = {438-446},
  ee        = {http://doi.acm.org/10.1145/566654.566600},
  bibsource = {DBLP, http://dblp.uni-trier.de}
}

@INPROCEEDINGS{endres12icra,
  author = {Felix Endres and Juergen Hess and Nikolas Engelhard and Juergen Sturm and Daniel Cremers and Wolfram Burgard},
  title = {An Evaluation of the {RGB-D SLAM} System},
  booktitle = {Proc. of the IEEE International Conference on Robotics and Automation
  (ICRA)},
  year = {2012}
}

@article{Fuhrmann:2011,
 author = {Fuhrmann, Simon and Goesele, Michael},
 title = {Fusion of depth maps with multiple scales},
 journal = {ACM Trans. Graph.},
 issue_date = {December 2011},
 volume = {30},
 number = {6},
 month = dec,
 year = {2011},
 issn = {0730-0301},
 pages = {148:1--148:8},
 articleno = {148},
 numpages = {8},
 url = {http://doi.acm.org/10.1145/2070781.2024182},
 doi = {10.1145/2070781.2024182},
 acmid = {2024182},
 publisher = {ACM},
 address = {New York, NY, USA},
 keywords = {depth map integration, hierarchical signed distance field, marching tetrahedra, multi-scale depth map fusion, multi-view stereo depth maps, surface reconstruction},
}

@inproceedings{cvpr-07-qingxiong-yang,
  author    = {Q. Yang and R. Yang and J. Davis and D. Nist{\'e}r},
  title     = {Spatial-Depth Super Resolution for Range Images.},
  booktitle = {CVPR},
  year      = {2007},
}

@inproceedings{DBLP:dblp_conf/eccv/TappenL12,
   author              = {Marshall F. Tappen and 
                          Ce Liu},
   title               = {A Bayesian Approach to Alignment-Based Image Hallucination.},
   booktitle           = {ECCV},
   year                = {2012},
   pages               = {236-249},
   ee                  = {http://dx.doi.org/10.1007/978-3-642-33786-4_18}
}

@INPROCEEDINGS{JSun:2010, 
author={Jian Sun and Jiejie Zhu and Tappen, M.F.}, 
booktitle={IEEE Conference on Computer Vision and Pattern Recognition (CVPR)}, title={Context-constrained hallucination for image super-resolution}, 
year={2010}, 
pages={231-238}, 
keywords={image reconstruction;image resolution;image segmentation;image texture;context-constrained hallucination;continuous energy function;edge smoothness;high-resolution image;high-resolution pixel;image reconstruction;image segment pairs;image super-resolution;image texture;low-resolution image;textural region;texture similarity;Buildings;Energy resolution;Image analysis;Image reconstruction;Image resolution;Image retrieval;Image segmentation;Impedance matching;Pixel;Sun}, 
doi={10.1109/CVPR.2010.5540206}, 
ISSN={1063-6919}
}

@INPROCEEDINGS{Jancosek:2011, 
author={Jancosek, M. and Pajdla, T.}, 
booktitle={IEEE Conference on Computer Vision and Pattern Recognition (CVPR)}, title={Multi-view reconstruction preserving weakly-supported surfaces}, 
year={2011}, 
pages={3121-3128}, 
keywords={image reconstruction;image representation;image scanners;natural scenes;3D point cloud;Labatut CGF 2009 method;multiview reconstruction problem;scene representation;surface reconstruction;Cameras;Face;Image reconstruction;Noise;Surface reconstruction;Surface texture;Three dimensional displays}, 
doi={10.1109/CVPR.2011.5995693}, 
ISSN={1063-6919},}

@inproceedings{Tuite:2011:PTE:1978942.1979146,
 author = {Tuite, Kathleen and Snavely, Noah and Hsiao, Dun-yu and Tabing, Nadine and Popovic, Zoran},
 title = {PhotoCity: training experts at large-scale image acquisition through a competitive game},
 booktitle = {Proceedings of the SIGCHI Conference on Human Factors in Computing Systems},
 series = {CHI '11},
 year = {2011},
 isbn = {978-1-4503-0228-9},
 location = {Vancouver, BC, Canada},
 pages = {1383--1392},
 numpages = {10},
 url = {http://doi.acm.org/10.1145/1978942.1979146},
 doi = {10.1145/1978942.1979146},
 acmid = {1979146},
 keywords = {3d modeling, crowdsourcing, data collection, games with a purpose, photography, real-world games},
}

@INPROCEEDINGS{Hiep:2009, 
author={Vu Hoang Hiep and Keriven, R. and Labatut, P. and Pons, J.-P.}, 
booktitle={IEEE Conference on Computer Vision and Pattern Recognition (CVPR)}, 
title={Towards high-resolution large-scale multi-view stereo}, 
year={2009}, 
pages={1430-1437}, 
keywords={image reconstruction;image resolution;stereo image processing;variational techniques;Middlebury challenge;dense point cloud;high-resolution large-scale multiview stereo;mesh-based variational refinement;minimum s-t cut based global optimization;multiview stereovision;photo-consistency;scene reconstruction;very large scenes;visibility consistent mesh;Benchmark testing;Clouds;Computer vision;Current measurement;Image reconstruction;Large-scale systems;Layout;Pipelines;Stereo image processing;Stereo vision}, 
doi={10.1109/CVPR.2009.5206617}, 
ISSN={1063-6919},}

@inproceedings{MacAodhaDepthSuperResECCV2012,
  author = {Mac Aodha, Oisin and Campbell, Neill D.F. and Nair, Arun and Brostow, Gabriel J.}, 	
  title     = {Patch Based Synthesis for Single Depth Image Super-Resolution},
  booktitle = {ECCV (3)},
  year      = {2012},
  pages     = {71-84}
}

@inproceedings{Seitz:2006,
  author    = {Steven M. Seitz and
               Brian Curless and
               James Diebel and
               Daniel Scharstein and
               Richard Szeliski},
  title     = {A Comparison and Evaluation of Multi-View Stereo Reconstruction
               Algorithms},
  booktitle = {CVPR},
  year      = {2006},
  pages     = {519-528},
  ee        = {http://doi.ieeecomputersociety.org/10.1109/CVPR.2006.19},
  bibsource = {DBLP, http://dblp.uni-trier.de}
}

@inproceedings{ScharsteinS02,
   author              = {Daniel Scharstein and 
                          Richard Szeliski},
   title               = {A Taxonomy and Evaluation of Dense Two-Frame Stereo Correspondence Algorithms.},
   journal             = {International Journal of Computer Vision},
   year                = {2002},
   pages               = {7-42},
   ee                  = {http://dx.doi.org/10.1023/A:1014573219977},
}



@inproceedings{moulon2012adaptive,
  title={Adaptive Structure from Motion with a contrario model estimation},
  author={Moulon, Pierre and Monasse, Pascal and Marlet, Renaud},
  booktitle={Proceedings of the 11th Asian Conference on Computer Vision (ACCV)},
  year={2012}
}
@INPROCEEDINGS{Strecha:2008, 
author={Strecha, C. and Von Hansen, W. and Van Gool, L. and Fua, P. and Thoennessen, U.}, 
booktitle={IEEE Conference on Computer Vision and Pattern Recognition (CVPR)}, title={On benchmarking camera calibration and multi-view stereo for high resolution imagery}, 
year={2008}, 
pages={1-8}, 
keywords={calibration;cameras;image resolution;pose estimation;solid modelling;stereo image processing;3D modelling;LIDAR;camera calibration;camera parameter;high resolution imagery;multiview stereo;pose estimation;Calibration;Cameras;Clouds;Data acquisition;Image resolution;Laser radar;Layout;Rendering (computer graphics);Shape measurement;Three dimensional displays}, 
doi={10.1109/CVPR.2008.4587706}, 
ISSN={1063-6919},}

@ARTICLE{HHVu:2011, 
author={Vu, H.-H. and Labatut, P. and Pons, J.-P. and Keriven, R.}, 
journal={IEEE Transactions on Pattern Analysis and Machine Intelligence}, title={High Accuracy and Visibility-Consistent Dense Multiview Stereo}, 
year={2011}, 
volume={34}, 
number={5}, 
pages={889-901}, 
keywords={stereo image processing;visual perception;adaptive resolution;cultural heritage sites;dense multiview stereo pipeline;laboratory setting;landscapes;mesh-based variational refinement;minimum s-t cut optimization;outdoor architectural scenes;photoconsistency;quasidense point cloud;stereovision methods;visibility constraints;visibility-consistent dense multiview stereo;Cameras;Image reconstruction;Optimization;Pipelines;Stereo image processing;Surface reconstruction;Three dimensional displays;Dense multiview stereo;deformable mesh.;large-scale scenes;minimum s-t cut;surface reconstruction}, 
doi={10.1109/TPAMI.2011.172}, 
ISSN={0162-8828},}

@inproceedings{GarlandH97,
   author              = {Michael Garland and 
                          Paul S. Heckbert},
   title               = {Surface simplification using quadric error metrics.},
   booktitle           = {SIGGRAPH},
   year                = {1997},
   pages               = {209-216},
   ee                  = {http://doi.acm.org/10.1145/258734.258849},
}

@inproceedings{TangLK09,
   author              = {Min Tang and 
                          Minkyoung Lee and 
                          Young J. Kim},
   title               = {Interactive Hausdorff distance computation for general polygonal models.},
   journal             = {ACM Trans. Graph.},
   year                = {2009},
   ee                  = {http://doi.acm.org/10.1145/1531326.1531380},
}

@inproceedings{Yang12,
   author              = {Qingxiong Yang},
   title               = {Recursive Bilateral Filtering.},
   booktitle           = {ECCV},
   year                = {2012},
   pages               = {399-413},
   ee                  = {http://dx.doi.org/10.1007/978-3-642-33718-5_29}
}

@article{Tola12,
  author = "E. Tola and C. Strecha and P. Fua",
  title = {{Efficient Large Scale Multi-View Stereo for Ultra High Resolution Image Sets}},
  journal = "Machine Vision and Applications",
  note = "In press",
  publisher = "Springer",
  Year = {2011}
}

@article{xiong2011arraytrack,
  title={ArrayTrack: A Fine-Grained Indoor Location System},
  author={Xiong, Jie and Jamieson, Kyle},
  journal={RN},
  volume={11},
  pages={19},
  year={2011}
}

@inproceedings{boykov2006photohulls,
  title={From photohulls to photoflux optimization},
  author={Boykov, Yuri and Lempitsky, Victor},
  booktitle={Proc. British Machine Vision Conference},
  volume={3},
  pages={1149--1158},
  year={2006}
}

@inproceedings{strecha2004wide,
  title={Wide-baseline stereo from multiple views: a probabilistic account},
  author={Strecha, Christoph and Fransens, Rik and Van Gool, Luc},
  booktitle={Computer Vision and Pattern Recognition, 2004. CVPR 2004. Proceedings of the 2004 IEEE Computer Society Conference on},
  volume={1},
  pages={I--552},
  year={2004},
  organization={IEEE}
}

@inproceedings{strecha2006combined,
  title={Combined depth and outlier estimation in multi-view stereo},
  author={Strecha, Christoph and Fransens, Rik and Van Gool, Luc},
  booktitle={Computer Vision and Pattern Recognition, 2006 IEEE Computer Society Conference on},
  volume={2},
  pages={2394--2401},
  year={2006},
  organization={IEEE}
}

@inproceedings{faugeras2002variational,
  title={Variational principles, surface evolution, pde's, level set methods and the stereo problem},
  author={Faugeras, Olivier and Keriven, Renaud},
  booktitle={Biomedical Imaging, 2002. 5th IEEE EMBS International Summer School on},
  pages={83--pp},
  year={2002},
  organization={IEEE}
}

@article{Strecha12,
  author = "C. Strecha, A. M. Bronstein, M. M. Bronstein and Pascal Fua",
  title = {{LDAHash: Improved Matching with Smaller Descriptors}},
  journal = "IEEE Transactions on Pattern Analysis and Machine Intelligence",
  volume = 34,
  number = 1,
  year = 2012,
}

@ARTICLE{Tola10daisy:an,
    author = {Engin Tola and Vincent Lepetit and Pascal Fua},
    title = {Daisy: An efficient dense descriptor applied to wide baseline stereo},
    journal = {IEEE TRANS. PATTERN ANALYSIS AND MACHINE INTELLIGENCE},
    year = {2010},
    volume = {32},
    number = {5}
}

@article{calonder2010brief,
  title={Brief: Binary robust independent elementary features},
  author={Calonder, Michael and Lepetit, Vincent and Strecha, Christoph and Fua, Pascal},
  journal={Computer Vision--ECCV 2010},
  pages={778--792},
  year={2010},
  publisher={Springer}
}
@article{trzcinskiefficient,
  title={Efficient Discriminative Projections for Compact Binary Descriptors},
  author={Trzcinski, Tomasz and Lepetit, Vincent},
  journal = {ECCV},
  year = {2012}
}

@inproceedings{BayTG06,
   author              = {Herbert Bay and 
                          Tinne Tuytelaars and 
                          Luc J. Van Gool},
   title               = {SURF: Speeded Up Robust Features.},
   booktitle           = {ECCV (1)},
   year                = {2006},
   pages               = {404-417},
   ee                  = {http://dx.doi.org/10.1007/11744023_32},
}

@inproceedings{AgarwalFSSCSS11,
   author              = {Sameer Agarwal and 
                          Yasutaka Furukawa and 
                          Noah Snavely and 
                          Ian Simon and 
                          Brian Curless and 
                          Steven M. Seitz and 
                          Richard Szeliski},
   title               = {Building Rome in a day.},
   booktitle           = {Commun. ACM},
   year               = {2011},
   pages             = {105-112},
   ee                  = {http://doi.acm.org/10.1145/2001269.2001293},
}

@InProceedings{klein09cameraphone,
  author =	 {Georg Klein and David Murray},
  title =	 {Parallel Tracking and Mapping on a Camera Phone},
  booktitle =	 {Proc. Eigth {IEEE} and {ACM} International Symposium
                  on Mixed and Augmented Reality {(ISMAR'09)}},
  year =	 2009,
  month =	 {October},
  address =	 {Orlando}
}

@inproceedings{HolzmannH12,
   author              = {Clemens Holzmann and 
                          Matthias Hochgatterer and 
                          Matthias Hochgatterer},
   title               = {Measuring Distance with Mobile Phones Using Single-Camera Stereo Vision.},
   booktitle           = {ICDCS Workshops},
   year                = {2012},
   pages               = {88-93},
   ee                  = {http://doi.ieeecomputersociety.org/10.1109/ICDCSW.2012.22},
   crossref            = {2012},
}

%% specular
@inproceedings{DBLP:dblp_journals/pami/Schultz94,
   author              = {Howard J. Schultz},
   title               = {Retrieving Shape Information from Multiple Images of a Specular Surface.},
   journal             = {IEEE Trans. Pattern Anal. Mach. Intell.},
   year                = {1994},
   pages               = {195-201},
   ee                  = {http://doi.ieeecomputersociety.org/10.1109/34.273732},
}


@inproceedings{DBLP:dblp_conf/iccv/CanasVAZGB09,
   author              = {Guillermo D. Cañas and 
                          Yuriy Vasilyev and 
                          Yair Adato and 
                          Todd Zickler and 
                          Steven J. Gortler and 
                          Ohad Ben-Shahar and 
                          Ohad Ben-Shahar},
   title               = {A linear formulation of shape from specular flow.},
   booktitle           = {ICCV},
   year                = {2009},
   pages               = {191-198},
   ee                  = {http://dx.doi.org/10.1109/ICCV.2009.5459164},
   crossref            = {2009},
}

%% transp
@inproceedings{DBLP:dblp_journals/tog/KhanRFB06,
   author              = {Erum Arif Khan and 
                          Erik Reinhard and 
                          Roland W. Fleming and 
                          Heinrich H. Bülthoff and 
                          Heinrich H. Bülthoff},
   title               = {Image-based material editing.},
   journal             = {ACM Trans. Graph.},
   year                = {2006},
   pages               = {654-663},
   ee                  = {http://doi.acm.org/10.1145/1141911.1141937},
}

@inproceedings{DBLP:dblp_conf/siggraph/ZongkerWCS99,
   author              = {Douglas E. Zongker and 
                          Dawn M. Werner and 
                          Brian Curless and 
                          David Salesin and 
                          David Salesin},
   title               = {Environment Matting and Compositing.},
   booktitle           = {SIGGRAPH},
   year                = {1999},
   pages               = {205-214},
   ee                  = {http://doi.acm.org/10.1145/311535.311558},
}


@inproceedings{DBLP:dblp_journals/tog/JainTRS12,
   author              = {Arjun Jain and 
                          Thorsten Thormählen and 
                          Tobias Ritschel and 
                          Hans-Peter Seidel and 
                          Hans-Peter Seidel},
   title               = {Material memex: automatic material suggestions for 3D objects.},
   journal             = {ACM Trans. Graph.},
   year                = {2012},
   pages               = {143},
   ee                  = {http://doi.acm.org/10.1145/2366145.2366162},
}

@inproceedings{monoslam,
	author = { A. J. Davison },
	title = {Real-time simultaneous localisation and mapping with a single camera},
	journal = { Proceedings of the International Conference on Computer Vision (ICCV)},
	year = {2003}
}

@inproceedings{PTAM,
	author = {G. Klein and D. W. Murray},
	title = {Parallel tracking and mapping for small {A}{R} workspaces},
	journal = {Proceedings of the International Symposium on Mixed and Augmented Reality (ISMAR)},
	year = {2007}
}

@inproceedings{DTAM,
	author = { R. A. Newcombe, S. J. Lovegrove, and A. J. Davison},
	title = { D{T}{A}{M}: Dense tracking and mapping in real-time},
	journal =  { Proceedings of the International Conference on Computer Vision (ICCV)},
	year = {2011}
}

@article{SNAVELY-IJCV08,
key     =       "Snavely" ,
author  =       "Snavely, N. and Seitz, S. M. and Szeliski, R." ,
fullauthor=     "Noah Snavely and Steven M. Seitz and Richard Szeliski",
title   =       "Modeling the World from {Internet} Photo Collections",
journal =       "International Journal of Computer Vision" ,
volume  =       "80" ,
number  =       "2" ,
month   =       "November" ,
year    =       "2008" ,
pages   =       "189-210" ,
url     =       "http://phototour.cs.washington.edu/" , 
xweblink=       "path=Snavely-IJCV08.pdf&amp;pub=Springer;type=PDF",
keywords=       "image-based rendering, 3D reconstruction, view morphing" ,
bibdate =       "Mon Jun 30 16:53:39  2008"
}

@article{fischler1981random,
  title={Random sample consensus: a paradigm for model fitting with applications to image analysis and automated cartography},
  author={Fischler, Martin A and Bolles, Robert C},
  journal={Communications of the ACM},
  volume={24},
  number={6},
  pages={381--395},
  year={1981},
  publisher={ACM}
}

@article{agarwal2010bundle,
  title={Bundle adjustment in the large},
  author={Agarwal, Sameer and Snavely, Noah and Seitz, Steven and Szeliski, Richard},
  journal={Computer Vision--ECCV 2010},
  pages={29--42},
  year={2010},
  publisher={Springer}
}

@MISC{MGL,
	title = {Maps{GL} by Google},
	howpublished = {\url{http://www.chromeexperiments.com/detail/mapsgl}},
	year = {accessed March 2013}
}

@article{kalman,
    Author = {Kalman, Rudolph Emil},
    Title = {A New Approach to Linear Filtering and Prediction Problems},
    Journal = {Transactions of the ASME--Journal of Basic Engineering},
    Volume = {82},
    Number = {Series D},
    Pages = {35--45},
    Year = {1960}
}

@inproceedings{mitra2012symmetry,
  title={Symmetry in 3d geometry: Extraction and applications},
  author={Mitra, Niloy J and Pauly, Mark and Wand, Michael and Ceylan, Duygu},
  booktitle={EUROGRAPHICS State-of-the-art Report},
  volume={1},
  number={2},
  pages={7},
  year={2012}
}

@inproceedings{DBLP:dblp_conf/eccv/VicenteA12,
   author              = {Sara Vicente and 
                          Lourdes de Agapito},
   title               = {Soft Inextensibility Constraints for Template-Free Non-rigid Reconstruction.},
   booktitle           = {ECCV (3)},
   year                = {2012},
   pages               = {426-440},
   ee                  = {http://dx.doi.org/10.1007/978-3-642-33712-3_31},
}

@inproceedings{DBLP:dblp_conf/ismar/RoussosRGA12,
   author              = {Anastasios Roussos and 
                          Chris Russell and 
                          Ravi Garg and 
                          Lourdes de Agapito},
   title               = {Dense multibody motion estimation and reconstruction from a handheld camera.},
   booktitle           = {ISMAR},
   year                = {2012},
   pages               = {31-40},
   ee                  = {http://doi.ieeecomputersociety.org/10.1109/ISMAR.2012.6402535},
}

@inproceedings{RussellFA12,
   author              = {Chris Russell and 
                          João Fayad and 
                          Lourdes de Agapito and 
                          Lourdes de Agapito},
   title               = {Dense Non-rigid Structure from Motion.},
   booktitle           = {3DIMPVT},
   year                = {2012},
   pages               = {509-516},
   ee                  = {http://doi.ieeecomputersociety.org/10.1109/3DIMPVT.2012.70},
   crossref            = {2012},
}

%%%%%%%%%%%%%%%%%%%%%%%%%%%%%%%%% Thesis
@inproceedings{DCBGridStereo,
    author    = {Christian Richardt and Douglas Orr and Ian Davies and Antonio Criminisi and Neil A. Dodgson},
    title     = {Real-time Spatiotemporal Stereo Matching Using the Dual-Cross-Bilateral Grid},
    booktitle = {Proceedings of the European Conference on Computer Vision (ECCV)},
    month     = sep,
    year      = {2010},
    location  = {Hersonissos, Crete, Greece},
    url       = {http://www.cl.cam.ac.uk/research/rainbow/projects/dcbgrid/},
  }
  
@article{Chen:2013:Scalable_volumetric,
 author = {Chen, Jiawen and Bautembach, Dennis and Izadi, Shahram},
 title = {Scalable real-time volumetric surface reconstruction},
 journal = {ACM Trans. Graph.},
 issue_date = {July 2013},
 volume = {32},
 number = {4},
 month = jul,
 year = {2013},
 issn = {0730-0301},
 pages = {113:1--113:16},
 articleno = {113},
 numpages = {16},
 url = {http://doi.acm.org/10.1145/2461912.2461940},
 doi = {10.1145/2461912.2461940},
 acmid = {2461940},
 publisher = {ACM},
 address = {New York, NY, USA},
 keywords = {GPU, hierarchical grid, kinect, real-time, scalability, streaming, volumetric surface reconstruction},
}

@inproceedings{MatsuoFI13,
  author    = {Takuya Matsuo and
               Norishige Fukushima and
               Yutaka Ishibashi},
  title     = {Weighted Joint Bilateral Filter with Slope Depth Compensation
               Filter for Depth Map Refinement},
  booktitle = {VISAPP (2)},
  year      = {2013},
  pages     = {300-309},
  bibsource = {DBLP, http://dblp.uni-trier.de}
}

% http://cs.nyu.edu/~silberman/datasets/nyu_depth_v2.html
% good kinect datasets for segmentation
@inproceedings{Silberman:ECCV12,
  author    = {Nathan Silberman, Derek Hoiem, Pushmeet Kohli and Rob Fergus},
  title     = {Indoor Segmentation and Support Inference from RGBD Images},
  booktitle = {ECCV},
  year      = {2012}
}

% Recovering Occlusion Boundaries from an Image
@article{Hoiem:2011,
 author = {Hoiem, Derek and Efros, Alexei A. and Hebert, Martial},
 title = {Recovering Occlusion Boundaries from an Image},
 journal = {Int. J. Comput. Vision},
 issue_date = {February  2011},
 year = {2011}
} 

% Future work: joint alignment
@inproceedings{Herrera:LearnedJointMRF,
	author = {Herrera Castro D. and Kannala J. and Sturm P. and Heikkilä J.},
    title = 	{A learned joint depth and intensity prior using Markov random fields.},
	year = 	{2013},
	pages = 	{accepted},
	booktitle = 	{Third Joint 3DIM/3DPVT Conference (3DV 2013)}
}

% Calibration default paper1
@inproceedings{Zhang00,
  author = {Zhang, Z.},
  booktitle = {IEEE Transactions on Pattern Analysis and Machine Intelligence},
  journal = {IEEE Transactions on Pattern Analysis and Machine Intelligence},
  title = {A Flexible New Technique for Camera Calibration},
  year = 2000
}
